@book{JJ,
    title={Introduction to Analysis and Design of Plate Panels},
    author={Jensen, J. Juncher},
    series={Lecture Notes, 2. edition},
    year={2014},
    publisher={Technical University of Denmark},
}

@book{ThinPlates,
    title={Thin Plates and Shells},
    author={Ventsel, Eduard and Krauthammer, Theodor},
    year={2001},
    publisher={Marcel Dekker Inc.},
}


@book{FEMbog,
    title={Concept and Applications of Finite Element Analysis},
    author={Cook, Robert and Malkus, David and Plesha, Michael and Witt, Robert},
    year={2002},
    series={Fourth edition},
    publisher={John Wiley \& Sons. Inc.},
}

@book{Styrkebog,
    title={Dimensionering og Styrke},
    author={Tvergaard, Viggo and Olhoff, Niels and Richelsen, Ann and Nielsen, Arne},
    year={2015},
    publisher={Department of Mechanical Engineering},
}

@book{Holdfast,
    title={Handbook of Solid Mechanics},
    author={Sundstr√∂m, Bengt and authors in earlier editions},
    year={2010},
    publisher={Department of Solid Mechanics KTH},
}

@misc{RelChange,
  title = {Relative change description},
  howpublished = {\url{https://en.wikipedia.org/wiki/Relative_change_and_difference}},
  note = {Accessed: 09/03/2021}
}

@misc{max_disp,
  title = {Maximum displacements of structural members},
  howpublished = {\url{https://www.techsupport.weyerhaeuser.com/hc/en-us/articles/205175860-What-is-Allowable-Deflection-}},
  note = {Accessed: 08/04/2021}
}

@book{Sandwich,
    title={An Introduction to Sandwich Structures},
    author={Zenkert, Dan},
    year={2005},
    publisher={Department of Mechanical Engineering},
}

@book{FibreComp,
    title={Foundations of Fibre Composites},
    author={Zenkert, Dan and Battley, Mark},
    year={2009},
    publisher={Department of Mechanical Engineering},
}


@book{NotesFEM,
    title={Notes and Exercises for the Course: Finite Element Methods (41525)},
    author={Sigmund, Ole and Nielsen, Kim Lau},
    year={2021},
    publisher={Department of Mechanical Engineering},
}



